<?xml version="1.0" encoding="UTF-8"?><collection xmlns="http://www.loc.gov/MARC21/slim"><record><leader>00371nam--2200145-i-4500</leader><controlfield tag="001">000039118</controlfield><controlfield tag="002">20161230</controlfield><controlfield tag="005">20161230201042</controlfield><controlfield tag="008">060222s1000------------r-----000-0-eng-d</controlfield><datafield ind1=" " ind2=" " tag="080"><subfield code="a">517</subfield></datafield><datafield ind1=" " ind2=" " tag="100"><subfield code="a">Robert, Alain</subfield></datafield><datafield ind1=" " ind2=" " tag="245"><subfield code="a">Analyse non standard</subfield></datafield><datafield ind1=" " ind2=" " tag="260"><subfield code="a">Lausanne, Presses Polytechniques Romandes, 1985, 118p</subfield></datafield><datafield ind1=" " ind2=" " tag="852"><subfield code="a">79541</subfield><subfield code="c">517</subfield></datafield><datafield ind1=" " ind2=" " tag="CAT"><subfield code="a">Sys</subfield><subfield code="c">20080714</subfield><subfield code="h">120750</subfield></datafield></record></collection>